%YAML 1.1
%TAG !u! tag:unity3d.com,2011:
--- !u!1 &100000
GameObject:
  m_ObjectHideFlags: 0
  m_PrefabParentObject: {fileID: 0}
  m_PrefabInternal: {fileID: 100100000}
  serializedVersion: 4
  m_Component:
  - 4: {fileID: 400000}
  - 114: {fileID: 11400002}
  - 114: {fileID: 11400004}
  m_Layer: 0
  m_Name: Detonator-Tiny_muzzle
  m_TagString: Untagged
  m_Icon: {fileID: 0}
  m_NavMeshLayer: 0
  m_StaticEditorFlags: 0
  m_IsActive: 1
--- !u!4 &400000
Transform:
  m_ObjectHideFlags: 1
  m_PrefabParentObject: {fileID: 0}
  m_PrefabInternal: {fileID: 100100000}
  m_GameObject: {fileID: 100000}
  m_LocalRotation: {x: 0, y: 0, z: 0, w: 1}
  m_LocalPosition: {x: -156.226807, y: 31.5376358, z: -52.7776794}
  m_LocalScale: {x: 1, y: 1, z: 1}
  m_Children: []
  m_Father: {fileID: 0}
  m_RootOrder: 0
--- !u!114 &11400002
MonoBehaviour:
  m_ObjectHideFlags: 1
  m_PrefabParentObject: {fileID: 0}
  m_PrefabInternal: {fileID: 100100000}
  m_GameObject: {fileID: 100000}
  m_Enabled: 1
  m_EditorHideFlags: 0
  m_Script: {fileID: 11500000, guid: 9b4007f1233a9b74fa9be42583fafba6, type: 3}
  m_Name: 
  m_EditorClassIdentifier: 
  size: 2.27999997
  color: {r: 1, g: .423000008, b: 0, a: .5}
  explodeOnStart: 1
  duration: .270000011
  detail: 1
  upwardsBias: 0
  destroyTime: 1.17999995
  useWorldSpace: 1
  direction: {x: 0, y: 0, z: 0}
  fireballAMaterial: {fileID: 0}
  fireballBMaterial: {fileID: 0}
  smokeAMaterial: {fileID: 0}
  smokeBMaterial: {fileID: 0}
  shockwaveMaterial: {fileID: 0}
  sparksMaterial: {fileID: 0}
  glowMaterial: {fileID: 0}
  heatwaveMaterial: {fileID: 0}
  autoCreateFireball: 1
  autoCreateSparks: 1
  autoCreateShockwave: 0
  autoCreateSmoke: 0
  autoCreateGlow: 1
  autoCreateLight: 0
  autoCreateForce: 0
  autoCreateHeatwave: 0
--- !u!114 &11400004
MonoBehaviour:
  m_ObjectHideFlags: 1
  m_PrefabParentObject: {fileID: 0}
  m_PrefabInternal: {fileID: 100100000}
  m_GameObject: {fileID: 100000}
  m_Enabled: 1
  m_EditorHideFlags: 0
  m_Script: {fileID: 11500000, guid: aa584fbee541324448dd18d8409c7a41, type: 3}
  m_Name: 
  m_EditorClassIdentifier: 
  ownerId: 0
  group: 0
  prefixBackup: -1
  observed: {fileID: 0}
  synchronization: 3
  onSerializeTransformOption: 3
  onSerializeRigidBodyOption: 2
  ownershipTransfer: 0
  ObservedComponents:
  - {fileID: 400000}
  ObservedComponentsFoldoutOpen: 1
  viewIdField: 0
  instantiationId: -1
  isRuntimeInstantiated: 0
--- !u!1001 &100100000
Prefab:
  m_ObjectHideFlags: 1
  serializedVersion: 2
  m_Modification:
    m_TransformParent: {fileID: 0}
    m_Modifications: []
    m_RemovedComponents: []
  m_ParentPrefab: {fileID: 0}
  m_RootGameObject: {fileID: 100000}
  m_IsPrefabParent: 1
